@book{weil_number_1984,
	address = {Boston [etc.]},
	title = {Number theory : an approach through history : from Hammurapi to Legendre},
	isbn = {0817631410 9780817631413},
	shorttitle = {Number theory},
	language = {English},
	publisher = {Birkhäuser},
	author = {Weil, André},
	year = {1984}
}


@book{knuth_art_1997,
	address = {Upper Sadle River, {NJ} [etc.]},
	title = {The art of computer programming Vol. 1, Fundamental algorithms.},
	isbn = {0201896834 9780201896831},
	language = {English},
	publisher = {Addison-Wesley},
	author = {Knuth, Donald E},
	year = {1997}
}

@misc{basel,
	title = {Basel Problem - {ProofWiki}},
	url = {http://www.proofwiki.org/wiki/Basel_Problem},
	urldate = {2012-11-06},
	howpublished = {{http://www.proofwiki.org/wiki/Basel\_Problem}},
	file = {Basel Problem - ProofWiki:/home/russ/.mozilla/firefox/51apqsri.default/zotero/storage/SI97SED7/Basel_Problem.html:text/html}
}